@book{wald1947,
    author = {Abraham Wald},
    title = {Sequential Analysis},
    publisher = {Dover Publications},
    address = {Mineola, New York},
    year = {1947}
}

@article{tantara1977,
    author={Sawasd Tantaratana and
            John B. Thomas},
    title = {Truncated Sequential Probability Ratio Test},
    journal = {Information Sciences},
    year = {1977},
    volume = {13},
    pages = {283 - 300}
}

@article{tantara1982,
    author={Sawasd Tantaratana and
            Harold Vincent Poor},
    title = {Asymptotic Efficiences of Truncated Sequential Tests},
    journal = {IEEE Transactions on Information Theory},
    year={1982},
    volume={28},
    number={3},
    pages={911-923}
}
